<?xml version="1.0" encoding="UTF-8"?><collection xmlns="http://www.loc.gov/MARC21/slim"><record><leader>00352nam--2200133-i-4500</leader><controlfield tag="001">000002242</controlfield><controlfield tag="002">20161230</controlfield><controlfield tag="005">20161230201024</controlfield><controlfield tag="008">060222s1000------------r-----000-0-eng-d</controlfield><datafield ind1=" " ind2=" " tag="100"><subfield code="a">Figurovski, N. A</subfield></datafield><datafield ind1=" " ind2=" " tag="245"><subfield code="a">Soloviev, i. i</subfield></datafield><datafield ind1=" " ind2=" " tag="260"><subfield code="a">Savante Arrhenius. Sub Redactia Acad. N.N. Semenov</subfield></datafield><datafield ind1=" " ind2=" " tag="490"><subfield code="a">Savanti De Pretutindeni</subfield></datafield><datafield ind1=" " ind2=" " tag="852"><subfield code="a">929:54(092)(01)</subfield></datafield></record></collection>